@book{alpaydin,
 author = {Ethem Alpaydin},
 title = {Introduction to Machine Learning},
 year = {2004},
 isbn = {0-262-01211-1},
 publisher = {The MIT Press},
 address = {London, England},
}

@book{bishop1,
 author = {Bishop, Christopher M.},
 title = {Neural Networks for Pattern Recognition},
 year = {1995},
 isbn = {0-198-53864-2},
 publisher = {Oxford University Press, Inc.},
 address = {New York, NY, USA},
} 

@book{bishop2,
 author = {Bishop, Christopher M.},
 title = {Pattern Recognition and Machine Learning},
 year = {2006},
 isbn = {0-387-31073-8},
 publisher = {Springer-Verlag New York, Inc.},
 address = {Secaucus, NJ, USA},
} 

@book{chang1,
 author = {Chein-I Chang},
 title = {Hyperspectral Imaging, Techniques for Spectral Detecction and Classification},
 isbn = {0-306-47483-2},
 year = {2003},
 publisher = {Kluwer Academic/Plenum Publishers},
 address = {New York, NY, USA},
}

@book{chang2,
 author = {Chein-I Chang},
 title = {Hyperspectral Data Processing},
 isbn = {978-0-471-69056-6},
 year = {2013},
 publisher = {Jone Wiley \& Sons, Inc.},
 address = {Hoboken, NJ, USA},
}

@book{duda,
 author = {Duda, Richard O. and Hart, Peter E. and Stork, David G.},
 title = {Pattern Classification (2Nd Edition)},
 year = {2000},
 isbn = {0471056693},
 publisher = {Wiley-Interscience},
}

@article{hearst,
  author = {Marti Hearst},
  title = {Support Vector Machines},
  journal = {IEEE Intelligent Systems, 13(4)},
  year = {1998},
  pages = {18-28},
}

@article{libsvm,
 author = {Chang, Chih-Chung and Lin, Chih-Jen},
 title = {{LIBSVM}: A library for support vector machines},
 journal = {ACM Transactions on Intelligent Systems and Technology},
 volume = {2},
 issue = {3},
 year = {2011},
 pages = {27:1--27:27},
 note =	 {Software available at \url{http://www.csie.ntu.edu.tw/~cjlin/libsvm}}
}

